%%%%%%%%%%%%%%%%%%%%%%%%%%%%%%%%%%
%%% Biblatex Template Examples %%%
%%%%%%%%%%%%%%%%%%%%%%%%%%%%%%%%%%

% Article
@Article{Article,
  author  = {},
  title   = {},
  journal = {},
  year    = {},
  volume  = {},
  number  = {},
  pages   = {},
  month   = {},
  note    = {},
  annote  = {}
}

% Book
@Book{Book,
  author    = {},
  title     = {},
  publisher = {},
  year      = {},
  volume    = {},
  number    = {},
  series    = {},
  address   = {},
  edition   = {},
  month     = {},
  note      = {},
  annote    = {}
}

% Booklet
@booklet{Booklet,
  title        = {},
  author       = {},
  howpublished = {},
  address      = {},
  month        = {},
  year         = {},
  note         = {},
  annote       = {}
}

% In Book
@inbook{InBook,
  author    = {},
  title     = {},
  chapter   = {},
  publisher = {},
  year      = {},
  volume    = {},
  number    = {},
  series    = {},
  type      = {},
  address   = {},
  edition   = {},
  month     = {},
  pages     = {},
  note      = {},
  annote    = {}
}

% Collection
@incollection{Collection,
  author    = {},
  title     = {},
  booktitle = {},
  publisher = {},
  year      = {},
  editor    = {},
  volume    = {},
  number    = {},
  series    = {},
  type      = {},
  chapter   = {},
  pages     = {},
  edition   = {},
  month     = {},
  address   = {},
  note      = {},
  annote    = {}
}

% In Proceedings
@InProceedings{InProceedings,
  author       = {},
  title        = {},
  booktitle    = {},
  year         = {},
  editor       = {},
  volume       = {},
  number       = {},
  series       = {},
  pages        = {},
  month        = {},
  address      = {},
  organization = {},
  publisher    = {},
  note         = {},
  annote       = {}
}

% Manual
@manual{Manual,
  title        = {},
  author       = {},
  organization = {},
  address      = {},
  edition      = {},
  month        = {},
  year         = {},
  note         = {},
  annote       = {}
}

% Masters Thesis
@mastersthesis{MastersThesis,
  author  = {},
  title   = {},
  school  = {},
  year    = {},
  type    = {},
  address = {},
  month   = {},
  note    = {},
  annote  = {}
}

% PhD Thesis
@phdthesis{PhDThesis,
  author  = {},
  title   = {},
  school  = {},
  year    = {},
  type    = {},
  address = {},
  month   = {},
  note    = {},
  annote  = {}
}

% Technical Report
@techreport{TechnicalReport,
  author      = {},
  title       = {},
  institution = {},
  year        = {},
  type        = {},
  number      = {},
  address     = {},
  month       = {},
  note        = {},
  annote      = {}
}

% Unpublished
@unpublished{Unpublished,
  author = {},
  title  = {},
  note   = {},
  month  = {},
  year   = {},
  annote = {}
}

% Misc
@misc{Misc,
  author       = {},
  title        = {},
  howpublished = {},
  month        = {},
  year         = {},
  note         = {},
  annote       = {}
}

% Website
@misc{website ,
author = {James Tetazoo},
title = {A brief guide to recreational pyromania},
howpublished = {Available at \url{http://
www.blowinglotsofweirdstuffup.com/guide.html} (2005/06/12)}
}

% Accepted (Unpublished) Publication
@unpublished{accepted ,
author = {J Mentor},
title = {Behavior of small animals on fire},
journal = {Nature},
note = {(in press)}
}

% Submitted (Unpublished) Publication
@unpublished{submitted ,
author = {J Mentor},
title = {Behavior of small animals on fire},
note = {Manuscript submitted for publication},
year = {2012}
}


% Conversation
@misc{conversation ,
author = {Sigmund Freud},
month = {July},
year = {2012},
howpublished = {Personal conversation}
}

%%%%%%%%%%%%%%%%%%%%%%%%%%%%%%%%%%%%%%%%%
%%% End of Biblatex Template Examples %%%
%%%%%%%%%%%%%%%%%%%%%%%%%%%%%%%%%%%%%%%%%